<?xml version="1.0"?>
<Document xmlns="urn:iso:std:iso:20022:tech:xsd:camt.053.001.06">
		<GrpHdr>
			<MsgId>SA-D3lgaa-N11j8j-8c1nkj</MsgId>
			<CreDtTm>2023-06-05T17:07:00.934Z</CreDtTm>
		</GrpHdr>
		<Stmt>
			<Id>1</Id>
			<CreDtTm>2023-06-05T17:07:00.934Z</CreDtTm>
			<FrToDt>
				<FrDtTm>2023-06-05T15:00:00.014Z</FrDtTm>
				<ToDtTm>2023-06-05T17:07:00.934Z</ToDtTm>
			</FrToDt>
			<Acct>
				<Id>
					<Othr>
						<Id>IITEURPOSOIT22XXXTIPS</Id>
					</Othr>
				</Id>
				<Ccy>EUR</Ccy>
				<Ownr>
					<Id>
						<OrgId>
							<AnyBIC>POSOIT22XXX</AnyBIC>
						</OrgId>
					</Id>
				</Ownr>
			</Acct>
			<Bal>
				<Tp>
					<CdOrPrtry>
						<Cd>OPBD</Cd>
					</CdOrPrtry>
				</Tp>
				<Amt Ccy="EUR">20000000.41</Amt>
				<CdtDbtInd>CRDT</CdtDbtInd>
				<Dt>
					<Dt>2023-06-05Z</Dt>
				</Dt>
			</Bal>
			<Bal>
				<Tp>
					<CdOrPrtry>
						<Cd>CLBD</Cd>
					</CdOrPrtry>
				</Tp>
				<Amt Ccy="EUR">29998104.41</Amt>
				<CdtDbtInd>CRDT</CdtDbtInd>
				<Dt>
					<Dt>2023-06-05Z</Dt>
				</Dt>
			</Bal>
			<Ntry>
				<NtryRef>0vLNQSsQ8krgK8JhO6DJhJ</NtryRef>
				<Amt Ccy="EUR">50.00</Amt>
				<CdtDbtInd>CRDT</CdtDbtInd>
				<Sts>BOOK</Sts>
				<BookgDt>
					<DtTm>2023-06-05T15:00:22.337Z</DtTm>
				</BookgDt>
				<BkTxCd>
					<Domn>
						<Cd>PMNT</Cd>
						<Fmly>
							<Cd>RRCT</Cd>
							<SubFmlyCd>FICT</SubFmlyCd>
						</Fmly>
					</Domn>
				</BkTxCd>
				<AmtDtls>
					<PrtryAmt>
						<Tp>BFTS</Tp>
						<Amt Ccy="EUR">30465751.22</Amt>
					</PrtryAmt>
					<PrtryAmt>
						<Tp>FTTS</Tp>
						<Amt Ccy="EUR">30465801.22</Amt>
					</PrtryAmt>
				</AmtDtls>
				<NtryDtls>
					<TxDtls>
						<Amt Ccy="EUR">50.00</Amt>
						<CdtDbtInd>CRDT</CdtDbtInd>
						<RltdAgts>
							<DbtrAgt>
								<FinInstnId>
									<BICFI>QNTOITM2XXX</BICFI>
								</FinInstnId>
							</DbtrAgt>
							<CdtrAgt>
								<FinInstnId>
									<BICFI>POSOIT22XXX</BICFI>
								</FinInstnId>
							</CdtrAgt>
						</RltdAgts>
					</TxDtls>
				</NtryDtls>
			</Ntry>
			<Ntry>
				<NtryRef>VTP23156T0124958480120049650IT</NtryRef>
				<Amt Ccy="EUR">2781.00</Amt>
				<CdtDbtInd>DBIT</CdtDbtInd>
				<Sts>BOOK</Sts>
				<BookgDt>
					<DtTm>2023-06-05T15:00:22.758Z</DtTm>
				</BookgDt>
				<BkTxCd>
					<Domn>
						<Cd>PMNT</Cd>
						<Fmly>
							<Cd>IRCT</Cd>
							<SubFmlyCd>FICT</SubFmlyCd>
						</Fmly>
					</Domn>
				</BkTxCd>
				<AmtDtls>
					<PrtryAmt>
						<Tp>BFTS</Tp>
						<Amt Ccy="EUR">30465801.22</Amt>
					</PrtryAmt>
					<PrtryAmt>
						<Tp>FTTS</Tp>
						<Amt Ccy="EUR">30463020.22</Amt>
					</PrtryAmt>
				</AmtDtls>
				<NtryDtls>
					<TxDtls>
						<Amt Ccy="EUR">2781.00</Amt>
						<CdtDbtInd>DBIT</CdtDbtInd>
						<RltdAgts>
							<DbtrAgt>
								<FinInstnId>
									<BICFI>POSOIT22XXX</BICFI>
								</FinInstnId>
							</DbtrAgt>
							<CdtrAgt>
								<FinInstnId>
									<BICFI>SUBASKBXXXX</BICFI>
								</FinInstnId>
							</CdtrAgt>
						</RltdAgts>
					</TxDtls>
				</NtryDtls>
			</Ntry>
		</Stmt>
	</BkToCstmrStmt>
</Document>