<?xml version="1.0" encoding="UTF-8"?>
<S2CGSBlk:S2CgsBlk xsi:schemaLocation="urn:S2CGSBlk:xsd:$S2CgsBlk S2CGSBlk.xsd"
                   xmlns:xsi="http://www.w3.org/2001/XMLSchema-instance"
                   xmlns:S2CGSBlk="urn:S2CGSBlk:xsd:$S2CgsBlk">
	<S2CGSBlk:SndgInst>EBAPFRPA</S2CGSBlk:SndgInst>
	<S2CGSBlk:RcvgInst>POSOIT22</S2CGSBlk:RcvgInst>
	<S2CGSBlk:SttlmtBIC>POSOIT22XXX</S2CGSBlk:SttlmtBIC>
	<S2CGSBlk:SrvcId>SCT</S2CGSBlk:SrvcId>
	<S2CGSBlk:TstCode>P</S2CGSBlk:TstCode>
	<S2CGSBlk:FileType>LMR</S2CGSBlk:FileType>
	<S2CGSBlk:FileRef>BSCT230606000990</S2CGSBlk:FileRef>
	<S2CGSBlk:FileBusDt>2023-06-06</S2CGSBlk:FileBusDt>
	<S2CGSBlk:FileLac>08</S2CGSBlk:FileLac>
	<S2CGSBlk:FileDtTm>2023-06-06T14:07:33.542989+02:00</S2CGSBlk:FileDtTm>
	<S2CGSBlk:BkToCstmrStmt xmlns="urn:iso:std:iso:20022:tech:xsd:camt.053.001.08">
		<GrpHdr>
			<MsgId>BSCT230606000990ACGS000000000000001</MsgId>
			<CreDtTm>2023-06-06T14:07:33.542989+02:00</CreDtTm>
			<MsgRcpt>
				<Id>
					<OrgId>
						<AnyBIC>POSOIT22</AnyBIC>
					</OrgId>
				</Id>
			</MsgRcpt>
			<MsgPgntn>
				<PgNb>1</PgNb>
				<LastPgInd>true</LastPgInd>
			</MsgPgntn>
			<AddtlInf>POSOIT22</AddtlInf>
		</GrpHdr>
		<Stmt>
			<Id>BSCT230606000990A230606000000000001</Id>
			<CreDtTm>2023-06-06T14:07:33.542989+02:00</CreDtTm>
			<FrToDt>
				<FrDtTm>2023-06-06T12:00:01.011831+02:00</FrDtTm>
				<ToDtTm>2023-06-06T14:00:00.794484+02:00</ToDtTm>
			</FrToDt>
			<Acct>
				<Id>
					<Othr>
						<Id>POSOIT22</Id>
					</Othr>
				</Id>
				<Ownr>
					<Id>
						<OrgId>
							<AnyBIC>POSOIT22XXX</AnyBIC>
						</OrgId>
					</Id>
				</Ownr>
			</Acct>
			<Bal>
				<Tp>
					<CdOrPrtry>
						<Cd>OPAV</Cd>
					</CdOrPrtry>
				</Tp>
				<Amt Ccy="EUR">408384998.18</Amt>
				<CdtDbtInd>CRDT</CdtDbtInd>
				<Dt>
					<Dt>2023-06-06</Dt>
				</Dt>
			</Bal>
			<Bal>
				<Tp>
					<CdOrPrtry>
						<Cd>CLAV</Cd>
					</CdOrPrtry>
				</Tp>
				<Amt Ccy="EUR">380075434.37</Amt>
				<CdtDbtInd>CRDT</CdtDbtInd>
				<Dt>
					<Dt>2023-06-06</Dt>
				</Dt>
			</Bal>
			<Bal>
				<Tp>
					<CdOrPrtry>
						<Cd>CLAV</Cd>
					</CdOrPrtry>
					<SubTp>
						<Prtry>PLCR</Prtry>
					</SubTp>
				</Tp>
				<Amt Ccy="EUR">52588484.92</Amt>
				<CdtDbtInd>DBIT</CdtDbtInd>
				<Dt>
					<Dt>2023-06-06</Dt>
				</Dt>
			</Bal>
			<Bal>
				<Tp>
					<CdOrPrtry>
						<Cd>CLAV</Cd>
					</CdOrPrtry>
					<SubTp>
						<Prtry>PLCR</Prtry>
					</SubTp>
				</Tp>
				<Amt Ccy="EUR">24278921.11</Amt>
				<CdtDbtInd>CRDT</CdtDbtInd>
				<Dt>
					<Dt>2023-06-06</Dt>
				</Dt>
			</Bal>
		</Stmt>
	</S2CGSBlk:BkToCstmrStmt>
	<S2CGSBlk:BkToCstmrStmt xmlns="urn:iso:std:iso:20022:tech:xsd:camt.053.001.08">
		<GrpHdr>
			<MsgId>BSCT230606000990CCGS000000000000002</MsgId>
			<CreDtTm>2023-06-06T14:07:33.542989+02:00</CreDtTm>
			<MsgRcpt>
				<Id>
					<OrgId>
						<AnyBIC>POSOIT22</AnyBIC>
					</OrgId>
				</Id>
			</MsgRcpt>
			<MsgPgntn>
				<PgNb>1</PgNb>
				<LastPgInd>true</LastPgInd>
			</MsgPgntn>
			<AddtlInf>POSOIT22</AddtlInf>
		</GrpHdr>
		<Stmt>
			<Id>BSCT230606000990CB2B003000000000002</Id>
			<CreDtTm>2023-06-06T14:07:33.542989+02:00</CreDtTm>
			<FrToDt>
				<FrDtTm>2023-06-06T12:00:01.011831+02:00</FrDtTm>
				<ToDtTm>2023-06-06T14:00:00.794484+02:00</ToDtTm>
			</FrToDt>
			<Acct>
				<Id>
					<Othr>
						<Id>POSOIT22</Id>
					</Othr>
				</Id>
				<Ownr>
					<Id>
						<OrgId>
							<AnyBIC>POSOIT22XXX</AnyBIC>
						</OrgId>
					</Id>
				</Ownr>
			</Acct>
			<Bal>
				<Tp>
					<CdOrPrtry>
						<Cd>CLAV</Cd>
					</CdOrPrtry>
					<SubTp>
						<Prtry>LCRS</Prtry>
					</SubTp>
				</Tp>
				<Amt Ccy="EUR">362.95</Amt>
				<CdtDbtInd>DBIT</CdtDbtInd>
				<Dt>
					<Dt>2023-06-06</Dt>
				</Dt>
			</Bal>
			<Bal>
				<Tp>
					<CdOrPrtry>
						<Cd>CLAV</Cd>
					</CdOrPrtry>
					<SubTp>
						<Prtry>LCRS</Prtry>
					</SubTp>
				</Tp>
				<Amt Ccy="EUR">0.00</Amt>
				<CdtDbtInd>CRDT</CdtDbtInd>
				<Dt>
					<Dt>2023-06-06</Dt>
				</Dt>
			</Bal>
			<Ntry>
				<NtryRef>CBB2306060000041</NtryRef>
				<Amt Ccy="EUR">362.95</Amt>
				<CdtDbtInd>DBIT</CdtDbtInd>
				<Sts>
					<Cd>BOOK</Cd>
				</Sts>
				<BookgDt>
					<DtTm>2023-06-06T12:00:19.915761+02:00</DtTm>
				</BookgDt>
				<BkTxCd>
					<Domn>
						<Cd>PMNT</Cd>
						<Fmly>
							<Cd>ICDT</Cd>
							<SubFmlyCd>FICT</SubFmlyCd>
						</Fmly>
					</Domn>
				</BkTxCd>
				<NtryDtls>
					<TxDtls>
						<RltdAgts>
							<InstgAgt>
								<FinInstnId>
									<BICFI>ICRAITRR</BICFI>
								</FinInstnId>
							</InstgAgt>
							<InstdAgt>
								<FinInstnId>
									<BICFI>POSOIT22</BICFI>
								</FinInstnId>
							</InstdAgt>
							<DbtrAgt>
								<FinInstnId>
									<BICFI>POSOIT22XXX</BICFI>
								</FinInstnId>
							</DbtrAgt>
							<CdtrAgt>
								<FinInstnId>
									<BICFI>ICRAITRRXXX</BICFI>
								</FinInstnId>
							</CdtrAgt>
						</RltdAgts>
					</TxDtls>
				</NtryDtls>
				<AddtlNtryInf>LCR-SETTLEDNOTPROVIDED</AddtlNtryInf>
			</Ntry>
			<AddtlStmtInf>B2B003</AddtlStmtInf>
		</Stmt>
	</S2CGSBlk:BkToCstmrStmt>
</S2CGSBlk:S2CgsBlk>