<?xml version="1.0" encoding="UTF-8"?>
<S2CGSBlk:S2CgsBlk xsi:schemaLocation="urn:S2CGSBlk:xsd:$S2CgsBlk S2CGSBlk.xsd"
                   xmlns:xsi="http://www.w3.org/2001/XMLSchema-instance"
                   xmlns:S2CGSBlk="urn:S2CGSBlk:xsd:$S2CgsBlk">
	<S2CGSBlk:SndgInst>ZYDOFRP0</S2CGSBlk:SndgInst>
	<S2CGSBlk:RcvgInst>POSOIT20</S2CGSBlk:RcvgInst>
	<S2CGSBlk:SttlmtBIC>POSOIT20XXX</S2CGSBlk:SttlmtBIC>
	<S2CGSBlk:SrvcId>SCT</S2CGSBlk:SrvcId>
	<S2CGSBlk:TstCode>T</S2CGSBlk:TstCode>
	<S2CGSBlk:FileType>LMR</S2CGSBlk:FileType>
	<S2CGSBlk:FileRef>BSCT230512000898</S2CGSBlk:FileRef>
	<S2CGSBlk:FileBusDt>2023-05-12</S2CGSBlk:FileBusDt>
	<S2CGSBlk:FileLac>06</S2CGSBlk:FileLac>
	<S2CGSBlk:FileDtTm>2023-05-12T11:05:27.021546+02:00</S2CGSBlk:FileDtTm>
	<S2CGSBlk:BkToCstmrStmt xmlns="urn:iso:std:iso:20022:tech:xsd:camt.053.001.08">
		<GrpHdr>
			<MsgId>BSCT230512000898ACGS000000000000001</MsgId>
			<CreDtTm>2023-05-12T11:05:27.021546+02:00</CreDtTm>
			<MsgRcpt>
				<Id>
					<OrgId>
						<AnyBIC>POSOIT20</AnyBIC>
					</OrgId>
				</Id>
			</MsgRcpt>
			<MsgPgntn>
				<PgNb>1</PgNb>
				<LastPgInd>true</LastPgInd>
			</MsgPgntn>
			<AddtlInf>POSOIT20</AddtlInf>
		</GrpHdr>
		<Stmt>
			<Id>BSCT230512000898A230512000000000001</Id>
			<CreDtTm>2023-05-12T11:05:27.021546+02:00</CreDtTm>
			<FrToDt>
				<FrDtTm>2023-05-12T10:00:00.241642+02:00</FrDtTm>
				<ToDtTm>2023-05-12T11:00:00.497607+02:00</ToDtTm>
			</FrToDt>
			<Acct>
				<Id>
					<Othr>
						<Id>POSOIT20</Id>
					</Othr>
				</Id>
				<Ownr>
					<Id>
						<OrgId>
							<AnyBIC>POSOIT20XXX</AnyBIC>
						</OrgId>
					</Id>
				</Ownr>
			</Acct>
			<Bal>
				<Tp>
					<CdOrPrtry>
						<Cd>OPAV</Cd>
					</CdOrPrtry>
				</Tp>
				<Amt Ccy="EUR">1120.53</Amt>
				<CdtDbtInd>CRDT</CdtDbtInd>
				<Dt>
					<Dt>2023-05-12</Dt>
				</Dt>
			</Bal>
			<Bal>
				<Tp>
					<CdOrPrtry>
						<Cd>CLAV</Cd>
					</CdOrPrtry>
				</Tp>
				<Amt Ccy="EUR">620.53</Amt>
				<CdtDbtInd>CRDT</CdtDbtInd>
				<Dt>
					<Dt>2023-05-12</Dt>
				</Dt>
			</Bal>
			<Bal>
				<Tp>
					<CdOrPrtry>
						<Cd>CLAV</Cd>
					</CdOrPrtry>
					<SubTp>
						<Prtry>PLCR</Prtry>
					</SubTp>
				</Tp>
				<Amt Ccy="EUR">500.00</Amt>
				<CdtDbtInd>DBIT</CdtDbtInd>
				<Dt>
					<Dt>2023-05-12</Dt>
				</Dt>
			</Bal>
		</Stmt>
	</S2CGSBlk:BkToCstmrStmt>
	<S2CGSBlk:BkToCstmrStmt xmlns="urn:iso:std:iso:20022:tech:xsd:camt.053.001.08">
		<GrpHdr>
			<MsgId>BSCT230512000898CCGS000000000000002</MsgId>
			<CreDtTm>2023-05-12T11:05:27.021546+02:00</CreDtTm>
			<MsgRcpt>
				<Id>
					<OrgId>
						<AnyBIC>POSOIT20</AnyBIC>
					</OrgId>
				</Id>
			</MsgRcpt>
			<MsgPgntn>
				<PgNb>1</PgNb>
				<LastPgInd>true</LastPgInd>
			</MsgPgntn>
			<AddtlInf>POSOIT20</AddtlInf>
		</GrpHdr>
		<Stmt>
			<Id>BSCT230512000898CSCT008000000000002</Id>
			<CreDtTm>2023-05-12T11:05:27.021546+02:00</CreDtTm>
			<FrToDt>
				<FrDtTm>2023-05-12T10:00:00.241642+02:00</FrDtTm>
				<ToDtTm>2023-05-12T11:00:00.497607+02:00</ToDtTm>
			</FrToDt>
			<Acct>
				<Id>
					<Othr>
						<Id>POSOIT20</Id>
					</Othr>
				</Id>
				<Ownr>
					<Id>
						<OrgId>
							<AnyBIC>POSOIT20XXX</AnyBIC>
						</OrgId>
					</Id>
				</Ownr>
			</Acct>
			<Bal>
				<Tp>
					<CdOrPrtry>
						<Cd>CLAV</Cd>
					</CdOrPrtry>
					<SubTp>
						<Prtry>LCRS</Prtry>
					</SubTp>
				</Tp>
				<Amt Ccy="EUR">500.00</Amt>
				<CdtDbtInd>DBIT</CdtDbtInd>
				<Dt>
					<Dt>2023-05-12</Dt>
				</Dt>
			</Bal>
			<Bal>
				<Tp>
					<CdOrPrtry>
						<Cd>XPCT</Cd>
					</CdOrPrtry>
				</Tp>
				<Amt Ccy="EUR">30728.23</Amt>
				<CdtDbtInd>DBIT</CdtDbtInd>
				<Dt>
					<Dt>2023-05-12</Dt>
				</Dt>
			</Bal>
			<Ntry>
				<NtryRef>CSC2305120000031</NtryRef>
				<Amt Ccy="EUR">8776.77</Amt>
				<CdtDbtInd>DBIT</CdtDbtInd>
				<Sts>
					<Cd>PDNG</Cd>
				</Sts>
				<BkTxCd>
					<Domn>
						<Cd>PMNT</Cd>
						<Fmly>
							<Cd>ICDT</Cd>
							<SubFmlyCd>FICT</SubFmlyCd>
						</Fmly>
					</Domn>
				</BkTxCd>
				<NtryDtls>
					<TxDtls>
						<RltdAgts>
							<InstgAgt>
								<FinInstnId>
									<BICFI>POSOIT20</BICFI>
								</FinInstnId>
							</InstgAgt>
							<InstdAgt>
								<FinInstnId>
									<BICFI>BCITITM0</BICFI>
								</FinInstnId>
							</InstdAgt>
							<DbtrAgt>
								<FinInstnId>
									<BICFI>POSOIT20XXX</BICFI>
								</FinInstnId>
							</DbtrAgt>
							<CdtrAgt>
								<FinInstnId>
									<BICFI>BCITITM0XXX</BICFI>
								</FinInstnId>
							</CdtrAgt>
						</RltdAgts>
					</TxDtls>
				</NtryDtls>
				<AddtlNtryInf>LCR-QUEUED16838451028010</AddtlNtryInf>
			</Ntry>
			<Ntry>
				<NtryRef>CSC2305120000032</NtryRef>
				<Amt Ccy="EUR">4120.41</Amt>
				<CdtDbtInd>DBIT</CdtDbtInd>
				<Sts>
					<Cd>PDNG</Cd>
				</Sts>
				<BkTxCd>
					<Domn>
						<Cd>PMNT</Cd>
						<Fmly>
							<Cd>ICDT</Cd>
							<SubFmlyCd>FICT</SubFmlyCd>
						</Fmly>
					</Domn>
				</BkTxCd>
				<NtryDtls>
					<TxDtls>
						<RltdAgts>
							<InstgAgt>
								<FinInstnId>
									<BICFI>POSOIT20</BICFI>
								</FinInstnId>
							</InstgAgt>
							<InstdAgt>
								<FinInstnId>
									<BICFI>BAPPIT20</BICFI>
								</FinInstnId>
							</InstdAgt>
							<DbtrAgt>
								<FinInstnId>
									<BICFI>POSOIT20XXX</BICFI>
								</FinInstnId>
							</DbtrAgt>
							<CdtrAgt>
								<FinInstnId>
									<BICFI>BAPPIT20XXX</BICFI>
								</FinInstnId>
							</CdtrAgt>
						</RltdAgts>
					</TxDtls>
				</NtryDtls>
				<AddtlNtryInf>LCR-QUEUED16838451028010</AddtlNtryInf>
			</Ntry>
			<Ntry>
				<NtryRef>CSC2305120000035</NtryRef>
				<Amt Ccy="EUR">5251.05</Amt>
				<CdtDbtInd>DBIT</CdtDbtInd>
				<Sts>
					<Cd>PDNG</Cd>
				</Sts>
				<BkTxCd>
					<Domn>
						<Cd>PMNT</Cd>
						<Fmly>
							<Cd>ICDT</Cd>
							<SubFmlyCd>FICT</SubFmlyCd>
						</Fmly>
					</Domn>
				</BkTxCd>
				<NtryDtls>
					<TxDtls>
						<RltdAgts>
							<InstgAgt>
								<FinInstnId>
									<BICFI>POSOIT20</BICFI>
								</FinInstnId>
							</InstgAgt>
							<InstdAgt>
								<FinInstnId>
									<BICFI>CITIIE2X</BICFI>
								</FinInstnId>
							</InstdAgt>
							<DbtrAgt>
								<FinInstnId>
									<BICFI>POSOIT20XXX</BICFI>
								</FinInstnId>
							</DbtrAgt>
							<CdtrAgt>
								<FinInstnId>
									<BICFI>CITIIE2XXXX</BICFI>
								</FinInstnId>
							</CdtrAgt>
						</RltdAgts>
					</TxDtls>
				</NtryDtls>
				<AddtlNtryInf>LCR-QUEUED16838451028010</AddtlNtryInf>
			</Ntry>
			<Ntry>
				<NtryRef>CSC2305120000036</NtryRef>
				<Amt Ccy="EUR">12580.00</Amt>
				<CdtDbtInd>DBIT</CdtDbtInd>
				<Sts>
					<Cd>PDNG</Cd>
				</Sts>
				<BkTxCd>
					<Domn>
						<Cd>PMNT</Cd>
						<Fmly>
							<Cd>ICDT</Cd>
							<SubFmlyCd>FICT</SubFmlyCd>
						</Fmly>
					</Domn>
				</BkTxCd>
				<NtryDtls>
					<TxDtls>
						<RltdAgts>
							<InstgAgt>
								<FinInstnId>
									<BICFI>POSOIT20</BICFI>
								</FinInstnId>
							</InstgAgt>
							<InstdAgt>
								<FinInstnId>
									<BICFI>BPCEFRPP</BICFI>
								</FinInstnId>
							</InstdAgt>
							<DbtrAgt>
								<FinInstnId>
									<BICFI>POSOIT20XXX</BICFI>
								</FinInstnId>
							</DbtrAgt>
							<CdtrAgt>
								<FinInstnId>
									<BICFI>BPCEFRPPXXX</BICFI>
								</FinInstnId>
							</CdtrAgt>
						</RltdAgts>
					</TxDtls>
				</NtryDtls>
				<AddtlNtryInf>LCR-QUEUED16838451028010</AddtlNtryInf>
			</Ntry>
			<Ntry>
				<NtryRef>CSC2305120000128</NtryRef>
				<Amt Ccy="EUR">500.00</Amt>
				<CdtDbtInd>DBIT</CdtDbtInd>
				<Sts>
					<Cd>BOOK</Cd>
				</Sts>
				<BookgDt>
					<DtTm>2023-05-12T10:50:22.248347+02:00</DtTm>
				</BookgDt>
				<BkTxCd>
					<Domn>
						<Cd>PMNT</Cd>
						<Fmly>
							<Cd>ICDT</Cd>
							<SubFmlyCd>FICT</SubFmlyCd>
						</Fmly>
					</Domn>
				</BkTxCd>
				<NtryDtls>
					<TxDtls>
						<RltdAgts>
							<InstgAgt>
								<FinInstnId>
									<BICFI>POSOIT20</BICFI>
								</FinInstnId>
							</InstgAgt>
							<InstdAgt>
								<FinInstnId>
									<BICFI>BITAIT4E</BICFI>
								</FinInstnId>
							</InstdAgt>
							<DbtrAgt>
								<FinInstnId>
									<BICFI>POSOIT20XXX</BICFI>
								</FinInstnId>
							</DbtrAgt>
							<CdtrAgt>
								<FinInstnId>
									<BICFI>BITAIT41CTE</BICFI>
								</FinInstnId>
							</CdtrAgt>
						</RltdAgts>
					</TxDtls>
				</NtryDtls>
				<AddtlNtryInf>LCR-SETTLED16838811043820</AddtlNtryInf>
			</Ntry>
			<AddtlStmtInf>SCT008</AddtlStmtInf>
		</Stmt>
	</S2CGSBlk:BkToCstmrStmt>
</S2CGSBlk:S2CgsBlk>