<?xml version="1.0" encoding="UTF-8"?>
<S2CGSBlk:S2CgsBlk xsi:schemaLocation="urn:S2CGSBlk:xsd:$S2CgsBlk S2CGSBlk.xsd"
                   xmlns:xsi="http://www.w3.org/2001/XMLSchema-instance"
                   xmlns:S2CGSBlk="urn:S2CGSBlk:xsd:$S2CgsBlk">
	<S2CGSBlk:SndgInst>EBAPFRPA</S2CGSBlk:SndgInst>
	<S2CGSBlk:RcvgInst>POSOIT22</S2CGSBlk:RcvgInst>
	<S2CGSBlk:SttlmtBIC>POSOIT22XXX</S2CGSBlk:SttlmtBIC>
	<S2CGSBlk:SrvcId>SCT</S2CGSBlk:SrvcId>
	<S2CGSBlk:TstCode>P</S2CGSBlk:TstCode>
	<S2CGSBlk:FileType>LMR</S2CGSBlk:FileType>
	<S2CGSBlk:FileRef>BSCT230605000476</S2CGSBlk:FileRef>
	<S2CGSBlk:FileBusDt>2023-06-05</S2CGSBlk:FileBusDt>
	<S2CGSBlk:FileLac>04</S2CGSBlk:FileLac>
	<S2CGSBlk:FileDtTm>2023-06-05T07:05:53.978267+02:00</S2CGSBlk:FileDtTm>
	<S2CGSBlk:BkToCstmrStmt xmlns="urn:iso:std:iso:20022:tech:xsd:camt.053.001.08">
		<GrpHdr>
			<MsgId>BSCT230605000476ACGS000000000000001</MsgId>
			<CreDtTm>2023-06-05T07:05:53.978267+02:00</CreDtTm>
			<MsgRcpt>
				<Id>
					<OrgId>
						<AnyBIC>POSOIT22</AnyBIC>
					</OrgId>
				</Id>
			</MsgRcpt>
			<MsgPgntn>
				<PgNb>1</PgNb>
				<LastPgInd>true</LastPgInd>
			</MsgPgntn>
			<AddtlInf>POSOIT22</AddtlInf>
		</GrpHdr>
		<Stmt>
			<Id>BSCT230605000476A230605000000000001</Id>
			<CreDtTm>2023-06-05T07:05:53.978267+02:00</CreDtTm>
			<FrToDt>
				<FrDtTm>2023-06-05T03:00:01.018750+02:00</FrDtTm>
				<ToDtTm>2023-06-05T07:00:00.592836+02:00</ToDtTm>
			</FrToDt>
			<Acct>
				<Id>
					<Othr>
						<Id>POSOIT22</Id>
					</Othr>
				</Id>
				<Ownr>
					<Id>
						<OrgId>
							<AnyBIC>POSOIT22XXX</AnyBIC>
						</OrgId>
					</Id>
				</Ownr>
			</Acct>
		</Stmt>
	</S2CGSBlk:BkToCstmrStmt>
	<S2CGSBlk:BkToCstmrStmt xmlns="urn:iso:std:iso:20022:tech:xsd:camt.053.001.08">
		<GrpHdr>
			<MsgId>BSCT230605000476CCGS000000000000002</MsgId>
			<CreDtTm>2023-06-05T07:05:53.978267+02:00</CreDtTm>
			<MsgRcpt>
				<Id>
					<OrgId>
						<AnyBIC>POSOIT22</AnyBIC>
					</OrgId>
				</Id>
			</MsgRcpt>
			<MsgPgntn>
				<PgNb>1</PgNb>
				<LastPgInd>true</LastPgInd>
			</MsgPgntn>
			<AddtlInf>POSOIT22</AddtlInf>
		</GrpHdr>
		<Stmt>
			<Id>BSCT230605000476CSCT008000000000002</Id>
			<CreDtTm>2023-06-05T07:05:53.978267+02:00</CreDtTm>
			<FrToDt>
				<FrDtTm>2023-06-05T03:00:01.018750+02:00</FrDtTm>
				<ToDtTm>2023-06-05T07:00:00.592836+02:00</ToDtTm>
			</FrToDt>
			<Acct>
				<Id>
					<Othr>
						<Id>POSOIT22</Id>
					</Othr>
				</Id>
				<Ownr>
					<Id>
						<OrgId>
							<AnyBIC>POSOIT22XXX</AnyBIC>
						</OrgId>
					</Id>
				</Ownr>
			</Acct>
			<Bal>
				<Tp>
					<CdOrPrtry>
						<Cd>CLAV</Cd>
					</CdOrPrtry>
					<SubTp>
						<Prtry>LCRS</Prtry>
					</SubTp>
				</Tp>
				<Amt Ccy="EUR">653874.36</Amt>
				<CdtDbtInd>CRDT</CdtDbtInd>
				<Dt>
					<Dt>2023-06-05</Dt>
				</Dt>
			</Bal>
			<Ntry>
				<NtryRef>CSC2306051008354</NtryRef>
				<Amt Ccy="EUR">6612.00</Amt>
				<CdtDbtInd>CRDT</CdtDbtInd>
				<Sts>
					<Cd>BOOK</Cd>
				</Sts>
				<BookgDt>
					<DtTm>2023-06-05T05:04:18.289665+02:00</DtTm>
				</BookgDt>
				<BkTxCd>
					<Domn>
						<Cd>PMNT</Cd>
						<Fmly>
							<Cd>RCTD</Cd>
							<SubFmlyCd>FICT</SubFmlyCd>
						</Fmly>
					</Domn>
				</BkTxCd>
				<NtryDtls>
					<TxDtls>
						<RltdAgts>
							<InstgAgt>
								<FinInstnId>
									<BICFI>DABAFIHH</BICFI>
								</FinInstnId>
							</InstgAgt>
							<InstdAgt>
								<FinInstnId>
									<BICFI>POSOIT22</BICFI>
								</FinInstnId>
							</InstdAgt>
							<DbtrAgt>
								<FinInstnId>
									<BICFI>DABAFIHHXXX</BICFI>
								</FinInstnId>
							</DbtrAgt>
							<CdtrAgt>
								<FinInstnId>
									<BICFI>POSOIT22XXX</BICFI>
								</FinInstnId>
							</CdtrAgt>
						</RltdAgts>
					</TxDtls>
				</NtryDtls>
				<AddtlNtryInf>LCR-SETTLEDNOTPROVIDED</AddtlNtryInf>
			</Ntry>
			<Ntry>
				<NtryRef>CSC2306052005865</NtryRef>
				<Amt Ccy="EUR">1189.00</Amt>
				<CdtDbtInd>CRDT</CdtDbtInd>
				<Sts>
					<Cd>BOOK</Cd>
				</Sts>
				<BookgDt>
					<DtTm>2023-06-05T03:08:48.687612+02:00</DtTm>
				</BookgDt>
				<BkTxCd>
					<Domn>
						<Cd>PMNT</Cd>
						<Fmly>
							<Cd>RCTD</Cd>
							<SubFmlyCd>FICT</SubFmlyCd>
						</Fmly>
					</Domn>
				</BkTxCd>
				<NtryDtls>
					<TxDtls>
						<RltdAgts>
							<InstgAgt>
								<FinInstnId>
									<BICFI>BNPAFRPP</BICFI>
								</FinInstnId>
							</InstgAgt>
							<InstdAgt>
								<FinInstnId>
									<BICFI>POSOIT22</BICFI>
								</FinInstnId>
							</InstdAgt>
							<DbtrAgt>
								<FinInstnId>
									<BICFI>BNPAFRPPXXX</BICFI>
								</FinInstnId>
							</DbtrAgt>
							<CdtrAgt>
								<FinInstnId>
									<BICFI>POSOIT22XXX</BICFI>
								</FinInstnId>
							</CdtrAgt>
						</RltdAgts>
					</TxDtls>
				</NtryDtls>
				<AddtlNtryInf>LCR-SETTLEDNOTPROVIDED</AddtlNtryInf>
			</Ntry>
			<Ntry>
				<NtryRef>CSC2306052006308</NtryRef>
				<Amt Ccy="EUR">7.25</Amt>
				<CdtDbtInd>CRDT</CdtDbtInd>
				<Sts>
					<Cd>BOOK</Cd>
				</Sts>
				<BookgDt>
					<DtTm>2023-06-05T03:12:58.372414+02:00</DtTm>
				</BookgDt>
				<BkTxCd>
					<Domn>
						<Cd>PMNT</Cd>
						<Fmly>
							<Cd>RCTD</Cd>
							<SubFmlyCd>FICT</SubFmlyCd>
						</Fmly>
					</Domn>
				</BkTxCd>
				<NtryDtls>
					<TxDtls>
						<RltdAgts>
							<InstgAgt>
								<FinInstnId>
									<BICFI>BNPAFRPP</BICFI>
								</FinInstnId>
							</InstgAgt>
							<InstdAgt>
								<FinInstnId>
									<BICFI>POSOIT22</BICFI>
								</FinInstnId>
							</InstdAgt>
							<DbtrAgt>
								<FinInstnId>
									<BICFI>BNPAFRPPXXX</BICFI>
								</FinInstnId>
							</DbtrAgt>
							<CdtrAgt>
								<FinInstnId>
									<BICFI>POSOIT22XXX</BICFI>
								</FinInstnId>
							</CdtrAgt>
						</RltdAgts>
					</TxDtls>
				</NtryDtls>
				<AddtlNtryInf>LCR-SETTLEDNOTPROVIDED</AddtlNtryInf>
			</Ntry>
			<Ntry>
				<NtryRef>CSC2306052006409</NtryRef>
				<Amt Ccy="EUR">4273.04</Amt>
				<CdtDbtInd>CRDT</CdtDbtInd>
				<Sts>
					<Cd>BOOK</Cd>
				</Sts>
				<BookgDt>
					<DtTm>2023-06-05T03:13:39.480245+02:00</DtTm>
				</BookgDt>
				<BkTxCd>
					<Domn>
						<Cd>PMNT</Cd>
						<Fmly>
							<Cd>RCTD</Cd>
							<SubFmlyCd>FICT</SubFmlyCd>
						</Fmly>
					</Domn>
				</BkTxCd>
				<NtryDtls>
					<TxDtls>
						<RltdAgts>
							<InstgAgt>
								<FinInstnId>
									<BICFI>BNPAFRPP</BICFI>
								</FinInstnId>
							</InstgAgt>
							<InstdAgt>
								<FinInstnId>
									<BICFI>POSOIT22</BICFI>
								</FinInstnId>
							</InstdAgt>
							<DbtrAgt>
								<FinInstnId>
									<BICFI>BNPAFRPPXXX</BICFI>
								</FinInstnId>
							</DbtrAgt>
							<CdtrAgt>
								<FinInstnId>
									<BICFI>POSOIT22XXX</BICFI>
								</FinInstnId>
							</CdtrAgt>
						</RltdAgts>
					</TxDtls>
				</NtryDtls>
				<AddtlNtryInf>LCR-SETTLEDNOTPROVIDED</AddtlNtryInf>
			</Ntry>
			<Ntry>
				<NtryRef>CSC2306052006754</NtryRef>
				<Amt Ccy="EUR">450.00</Amt>
				<CdtDbtInd>CRDT</CdtDbtInd>
				<Sts>
					<Cd>BOOK</Cd>
				</Sts>
				<BookgDt>
					<DtTm>2023-06-05T05:56:02.325290+02:00</DtTm>
				</BookgDt>
				<BkTxCd>
					<Domn>
						<Cd>PMNT</Cd>
						<Fmly>
							<Cd>RCTD</Cd>
							<SubFmlyCd>FICT</SubFmlyCd>
						</Fmly>
					</Domn>
				</BkTxCd>
				<NtryDtls>
					<TxDtls>
						<RltdAgts>
							<InstgAgt>
								<FinInstnId>
									<BICFI>AIBKIE2D</BICFI>
								</FinInstnId>
							</InstgAgt>
							<InstdAgt>
								<FinInstnId>
									<BICFI>POSOIT22</BICFI>
								</FinInstnId>
							</InstdAgt>
							<DbtrAgt>
								<FinInstnId>
									<BICFI>AIBKIE2DXXX</BICFI>
								</FinInstnId>
							</DbtrAgt>
							<CdtrAgt>
								<FinInstnId>
									<BICFI>POSOIT22XXX</BICFI>
								</FinInstnId>
							</CdtrAgt>
						</RltdAgts>
					</TxDtls>
				</NtryDtls>
				<AddtlNtryInf>LCR-SETTLEDNOTPROVIDED</AddtlNtryInf>
			</Ntry>
			<Ntry>
				<NtryRef>CSC2306054006312</NtryRef>
				<Amt Ccy="EUR">12403.16</Amt>
				<CdtDbtInd>CRDT</CdtDbtInd>
				<Sts>
					<Cd>BOOK</Cd>
				</Sts>
				<BookgDt>
					<DtTm>2023-06-05T05:34:48.276967+02:00</DtTm>
				</BookgDt>
				<BkTxCd>
					<Domn>
						<Cd>PMNT</Cd>
						<Fmly>
							<Cd>RCTD</Cd>
							<SubFmlyCd>FICT</SubFmlyCd>
						</Fmly>
					</Domn>
				</BkTxCd>
				<NtryDtls>
					<TxDtls>
						<RltdAgts>
							<InstgAgt>
								<FinInstnId>
									<BICFI>ICRAITRR</BICFI>
								</FinInstnId>
							</InstgAgt>
							<InstdAgt>
								<FinInstnId>
									<BICFI>POSOIT22</BICFI>
								</FinInstnId>
							</InstdAgt>
							<DbtrAgt>
								<FinInstnId>
									<BICFI>ICRAITRRXXX</BICFI>
								</FinInstnId>
							</DbtrAgt>
							<CdtrAgt>
								<FinInstnId>
									<BICFI>POSOIT22XXX</BICFI>
								</FinInstnId>
							</CdtrAgt>
						</RltdAgts>
					</TxDtls>
				</NtryDtls>
				<AddtlNtryInf>LCR-SETTLEDNOTPROVIDED</AddtlNtryInf>
			</Ntry>
			<Ntry>
				<NtryRef>CSC2306054006352</NtryRef>
				<Amt Ccy="EUR">15502.27</Amt>
				<CdtDbtInd>CRDT</CdtDbtInd>
				<Sts>
					<Cd>BOOK</Cd>
				</Sts>
				<BookgDt>
					<DtTm>2023-06-05T05:35:25.039010+02:00</DtTm>
				</BookgDt>
				<BkTxCd>
					<Domn>
						<Cd>PMNT</Cd>
						<Fmly>
							<Cd>RCTD</Cd>
							<SubFmlyCd>FICT</SubFmlyCd>
						</Fmly>
					</Domn>
				</BkTxCd>
				<NtryDtls>
					<TxDtls>
						<RltdAgts>
							<InstgAgt>
								<FinInstnId>
									<BICFI>ICRAITRR</BICFI>
								</FinInstnId>
							</InstgAgt>
							<InstdAgt>
								<FinInstnId>
									<BICFI>POSOIT22</BICFI>
								</FinInstnId>
							</InstdAgt>
							<DbtrAgt>
								<FinInstnId>
									<BICFI>ICRAITRRXXX</BICFI>
								</FinInstnId>
							</DbtrAgt>
							<CdtrAgt>
								<FinInstnId>
									<BICFI>POSOIT22XXX</BICFI>
								</FinInstnId>
							</CdtrAgt>
						</RltdAgts>
					</TxDtls>
				</NtryDtls>
				<AddtlNtryInf>LCR-SETTLEDNOTPROVIDED</AddtlNtryInf>
			</Ntry>
			<Ntry>
				<NtryRef>CSC2306054006381</NtryRef>
				<Amt Ccy="EUR">7452.00</Amt>
				<CdtDbtInd>CRDT</CdtDbtInd>
				<Sts>
					<Cd>BOOK</Cd>
				</Sts>
				<BookgDt>
					<DtTm>2023-06-05T05:35:29.539430+02:00</DtTm>
				</BookgDt>
				<BkTxCd>
					<Domn>
						<Cd>PMNT</Cd>
						<Fmly>
							<Cd>RCTD</Cd>
							<SubFmlyCd>FICT</SubFmlyCd>
						</Fmly>
					</Domn>
				</BkTxCd>
				<NtryDtls>
					<TxDtls>
						<RltdAgts>
							<InstgAgt>
								<FinInstnId>
									<BICFI>ICRAITRR</BICFI>
								</FinInstnId>
							</InstgAgt>
							<InstdAgt>
								<FinInstnId>
									<BICFI>POSOIT22</BICFI>
								</FinInstnId>
							</InstdAgt>
							<DbtrAgt>
								<FinInstnId>
									<BICFI>ICRAITRRXXX</BICFI>
								</FinInstnId>
							</DbtrAgt>
							<CdtrAgt>
								<FinInstnId>
									<BICFI>POSOIT22XXX</BICFI>
								</FinInstnId>
							</CdtrAgt>
						</RltdAgts>
					</TxDtls>
				</NtryDtls>
				<AddtlNtryInf>LCR-SETTLEDNOTPROVIDED</AddtlNtryInf>
			</Ntry>
			<Ntry>
				<NtryRef>CSC2306054006416</NtryRef>
				<Amt Ccy="EUR">12939.14</Amt>
				<CdtDbtInd>CRDT</CdtDbtInd>
				<Sts>
					<Cd>BOOK</Cd>
				</Sts>
				<BookgDt>
					<DtTm>2023-06-05T05:35:34.090003+02:00</DtTm>
				</BookgDt>
				<BkTxCd>
					<Domn>
						<Cd>PMNT</Cd>
						<Fmly>
							<Cd>RCTD</Cd>
							<SubFmlyCd>FICT</SubFmlyCd>
						</Fmly>
					</Domn>
				</BkTxCd>
				<NtryDtls>
					<TxDtls>
						<RltdAgts>
							<InstgAgt>
								<FinInstnId>
									<BICFI>ICRAITRR</BICFI>
								</FinInstnId>
							</InstgAgt>
							<InstdAgt>
								<FinInstnId>
									<BICFI>POSOIT22</BICFI>
								</FinInstnId>
							</InstdAgt>
							<DbtrAgt>
								<FinInstnId>
									<BICFI>ICRAITRRXXX</BICFI>
								</FinInstnId>
							</DbtrAgt>
							<CdtrAgt>
								<FinInstnId>
									<BICFI>POSOIT22XXX</BICFI>
								</FinInstnId>
							</CdtrAgt>
						</RltdAgts>
					</TxDtls>
				</NtryDtls>
				<AddtlNtryInf>LCR-SETTLEDNOTPROVIDED</AddtlNtryInf>
			</Ntry>
			<Ntry>
				<NtryRef>CSC2306054006448</NtryRef>
				<Amt Ccy="EUR">3039.09</Amt>
				<CdtDbtInd>CRDT</CdtDbtInd>
				<Sts>
					<Cd>BOOK</Cd>
				</Sts>
				<BookgDt>
					<DtTm>2023-06-05T05:35:41.036614+02:00</DtTm>
				</BookgDt>
				<BkTxCd>
					<Domn>
						<Cd>PMNT</Cd>
						<Fmly>
							<Cd>RCTD</Cd>
							<SubFmlyCd>FICT</SubFmlyCd>
						</Fmly>
					</Domn>
				</BkTxCd>
				<NtryDtls>
					<TxDtls>
						<RltdAgts>
							<InstgAgt>
								<FinInstnId>
									<BICFI>ICRAITRR</BICFI>
								</FinInstnId>
							</InstgAgt>
							<InstdAgt>
								<FinInstnId>
									<BICFI>POSOIT22</BICFI>
								</FinInstnId>
							</InstdAgt>
							<DbtrAgt>
								<FinInstnId>
									<BICFI>ICRAITRRXXX</BICFI>
								</FinInstnId>
							</DbtrAgt>
							<CdtrAgt>
								<FinInstnId>
									<BICFI>POSOIT22XXX</BICFI>
								</FinInstnId>
							</CdtrAgt>
						</RltdAgts>
					</TxDtls>
				</NtryDtls>
				<AddtlNtryInf>LCR-SETTLEDNOTPROVIDED</AddtlNtryInf>
			</Ntry>
			<Ntry>
				<NtryRef>CSC2306054006485</NtryRef>
				<Amt Ccy="EUR">8511.16</Amt>
				<CdtDbtInd>CRDT</CdtDbtInd>
				<Sts>
					<Cd>BOOK</Cd>
				</Sts>
				<BookgDt>
					<DtTm>2023-06-05T05:35:52.778221+02:00</DtTm>
				</BookgDt>
				<BkTxCd>
					<Domn>
						<Cd>PMNT</Cd>
						<Fmly>
							<Cd>RCTD</Cd>
							<SubFmlyCd>FICT</SubFmlyCd>
						</Fmly>
					</Domn>
				</BkTxCd>
				<NtryDtls>
					<TxDtls>
						<RltdAgts>
							<InstgAgt>
								<FinInstnId>
									<BICFI>ICRAITRR</BICFI>
								</FinInstnId>
							</InstgAgt>
							<InstdAgt>
								<FinInstnId>
									<BICFI>POSOIT22</BICFI>
								</FinInstnId>
							</InstdAgt>
							<DbtrAgt>
								<FinInstnId>
									<BICFI>ICRAITRRXXX</BICFI>
								</FinInstnId>
							</DbtrAgt>
							<CdtrAgt>
								<FinInstnId>
									<BICFI>POSOIT22XXX</BICFI>
								</FinInstnId>
							</CdtrAgt>
						</RltdAgts>
					</TxDtls>
				</NtryDtls>
				<AddtlNtryInf>LCR-SETTLEDNOTPROVIDED</AddtlNtryInf>
			</Ntry>
			<Ntry>
				<NtryRef>CSC2306054006530</NtryRef>
				<Amt Ccy="EUR">11925.24</Amt>
				<CdtDbtInd>CRDT</CdtDbtInd>
				<Sts>
					<Cd>BOOK</Cd>
				</Sts>
				<BookgDt>
					<DtTm>2023-06-05T05:36:26.697567+02:00</DtTm>
				</BookgDt>
				<BkTxCd>
					<Domn>
						<Cd>PMNT</Cd>
						<Fmly>
							<Cd>RCTD</Cd>
							<SubFmlyCd>FICT</SubFmlyCd>
						</Fmly>
					</Domn>
				</BkTxCd>
				<NtryDtls>
					<TxDtls>
						<RltdAgts>
							<InstgAgt>
								<FinInstnId>
									<BICFI>ICRAITRR</BICFI>
								</FinInstnId>
							</InstgAgt>
							<InstdAgt>
								<FinInstnId>
									<BICFI>POSOIT22</BICFI>
								</FinInstnId>
							</InstdAgt>
							<DbtrAgt>
								<FinInstnId>
									<BICFI>ICRAITRRXXX</BICFI>
								</FinInstnId>
							</DbtrAgt>
							<CdtrAgt>
								<FinInstnId>
									<BICFI>POSOIT22XXX</BICFI>
								</FinInstnId>
							</CdtrAgt>
						</RltdAgts>
					</TxDtls>
				</NtryDtls>
				<AddtlNtryInf>LCR-SETTLEDNOTPROVIDED</AddtlNtryInf>
			</Ntry>
			<Ntry>
				<NtryRef>CSC2306054006565</NtryRef>
				<Amt Ccy="EUR">15647.65</Amt>
				<CdtDbtInd>CRDT</CdtDbtInd>
				<Sts>
					<Cd>BOOK</Cd>
				</Sts>
				<BookgDt>
					<DtTm>2023-06-05T05:36:37.133351+02:00</DtTm>
				</BookgDt>
				<BkTxCd>
					<Domn>
						<Cd>PMNT</Cd>
						<Fmly>
							<Cd>RCTD</Cd>
							<SubFmlyCd>FICT</SubFmlyCd>
						</Fmly>
					</Domn>
				</BkTxCd>
				<NtryDtls>
					<TxDtls>
						<RltdAgts>
							<InstgAgt>
								<FinInstnId>
									<BICFI>ICRAITRR</BICFI>
								</FinInstnId>
							</InstgAgt>
							<InstdAgt>
								<FinInstnId>
									<BICFI>POSOIT22</BICFI>
								</FinInstnId>
							</InstdAgt>
							<DbtrAgt>
								<FinInstnId>
									<BICFI>ICRAITRRXXX</BICFI>
								</FinInstnId>
							</DbtrAgt>
							<CdtrAgt>
								<FinInstnId>
									<BICFI>POSOIT22XXX</BICFI>
								</FinInstnId>
							</CdtrAgt>
						</RltdAgts>
					</TxDtls>
				</NtryDtls>
				<AddtlNtryInf>LCR-SETTLEDNOTPROVIDED</AddtlNtryInf>
			</Ntry>
			<Ntry>
				<NtryRef>CSC2306054006595</NtryRef>
				<Amt Ccy="EUR">16869.92</Amt>
				<CdtDbtInd>CRDT</CdtDbtInd>
				<Sts>
					<Cd>BOOK</Cd>
				</Sts>
				<BookgDt>
					<DtTm>2023-06-05T05:36:40.384865+02:00</DtTm>
				</BookgDt>
				<BkTxCd>
					<Domn>
						<Cd>PMNT</Cd>
						<Fmly>
							<Cd>RCTD</Cd>
							<SubFmlyCd>FICT</SubFmlyCd>
						</Fmly>
					</Domn>
				</BkTxCd>
				<NtryDtls>
					<TxDtls>
						<RltdAgts>
							<InstgAgt>
								<FinInstnId>
									<BICFI>ICRAITRR</BICFI>
								</FinInstnId>
							</InstgAgt>
							<InstdAgt>
								<FinInstnId>
									<BICFI>POSOIT22</BICFI>
								</FinInstnId>
							</InstdAgt>
							<DbtrAgt>
								<FinInstnId>
									<BICFI>ICRAITRRXXX</BICFI>
								</FinInstnId>
							</DbtrAgt>
							<CdtrAgt>
								<FinInstnId>
									<BICFI>POSOIT22XXX</BICFI>
								</FinInstnId>
							</CdtrAgt>
						</RltdAgts>
					</TxDtls>
				</NtryDtls>
				<AddtlNtryInf>LCR-SETTLEDNOTPROVIDED</AddtlNtryInf>
			</Ntry>
			<Ntry>
				<NtryRef>CSC2306054008913</NtryRef>
				<Amt Ccy="EUR">0.08</Amt>
				<CdtDbtInd>CRDT</CdtDbtInd>
				<Sts>
					<Cd>BOOK</Cd>
				</Sts>
				<BookgDt>
					<DtTm>2023-06-05T06:05:59.573259+02:00</DtTm>
				</BookgDt>
				<BkTxCd>
					<Domn>
						<Cd>PMNT</Cd>
						<Fmly>
							<Cd>RCTD</Cd>
							<SubFmlyCd>FICT</SubFmlyCd>
						</Fmly>
					</Domn>
				</BkTxCd>
				<NtryDtls>
					<TxDtls>
						<RltdAgts>
							<InstgAgt>
								<FinInstnId>
									<BICFI>CHASDEFX</BICFI>
								</FinInstnId>
							</InstgAgt>
							<InstdAgt>
								<FinInstnId>
									<BICFI>POSOIT22</BICFI>
								</FinInstnId>
							</InstdAgt>
							<DbtrAgt>
								<FinInstnId>
									<BICFI>CHASDEFXCGS</BICFI>
								</FinInstnId>
							</DbtrAgt>
							<CdtrAgt>
								<FinInstnId>
									<BICFI>POSOIT22XXX</BICFI>
								</FinInstnId>
							</CdtrAgt>
						</RltdAgts>
					</TxDtls>
				</NtryDtls>
				<AddtlNtryInf>LCR-SETTLEDNOTPROVIDED</AddtlNtryInf>
			</Ntry>
			<Ntry>
				<NtryRef>CSC2306055008346</NtryRef>
				<Amt Ccy="EUR">464340.77</Amt>
				<CdtDbtInd>CRDT</CdtDbtInd>
				<Sts>
					<Cd>BOOK</Cd>
				</Sts>
				<BookgDt>
					<DtTm>2023-06-05T06:31:18.156363+02:00</DtTm>
				</BookgDt>
				<BkTxCd>
					<Domn>
						<Cd>PMNT</Cd>
						<Fmly>
							<Cd>RCTD</Cd>
							<SubFmlyCd>FICT</SubFmlyCd>
						</Fmly>
					</Domn>
				</BkTxCd>
				<NtryDtls>
					<TxDtls>
						<RltdAgts>
							<InstgAgt>
								<FinInstnId>
									<BICFI>BCITITMM</BICFI>
								</FinInstnId>
							</InstgAgt>
							<InstdAgt>
								<FinInstnId>
									<BICFI>POSOIT22</BICFI>
								</FinInstnId>
							</InstdAgt>
							<DbtrAgt>
								<FinInstnId>
									<BICFI>BCITITMMXXX</BICFI>
								</FinInstnId>
							</DbtrAgt>
							<CdtrAgt>
								<FinInstnId>
									<BICFI>POSOIT22XXX</BICFI>
								</FinInstnId>
							</CdtrAgt>
						</RltdAgts>
					</TxDtls>
				</NtryDtls>
				<AddtlNtryInf>LCR-SETTLEDNOTPROVIDED</AddtlNtryInf>
			</Ntry>
			<Ntry>
				<NtryRef>CSC2306056003295</NtryRef>
				<Amt Ccy="EUR">4830.00</Amt>
				<CdtDbtInd>CRDT</CdtDbtInd>
				<Sts>
					<Cd>BOOK</Cd>
				</Sts>
				<BookgDt>
					<DtTm>2023-06-05T03:04:23.768663+02:00</DtTm>
				</BookgDt>
				<BkTxCd>
					<Domn>
						<Cd>PMNT</Cd>
						<Fmly>
							<Cd>RCTD</Cd>
							<SubFmlyCd>FICT</SubFmlyCd>
						</Fmly>
					</Domn>
				</BkTxCd>
				<NtryDtls>
					<TxDtls>
						<RltdAgts>
							<InstgAgt>
								<FinInstnId>
									<BICFI>KREDBEBB</BICFI>
								</FinInstnId>
							</InstgAgt>
							<InstdAgt>
								<FinInstnId>
									<BICFI>POSOIT22</BICFI>
								</FinInstnId>
							</InstdAgt>
							<DbtrAgt>
								<FinInstnId>
									<BICFI>KREDBEBBXXX</BICFI>
								</FinInstnId>
							</DbtrAgt>
							<CdtrAgt>
								<FinInstnId>
									<BICFI>POSOIT22XXX</BICFI>
								</FinInstnId>
							</CdtrAgt>
						</RltdAgts>
					</TxDtls>
				</NtryDtls>
				<AddtlNtryInf>LCR-SETTLEDNOTPROVIDED</AddtlNtryInf>
			</Ntry>
			<Ntry>
				<NtryRef>CSC2306057006330</NtryRef>
				<Amt Ccy="EUR">31744.68</Amt>
				<CdtDbtInd>CRDT</CdtDbtInd>
				<Sts>
					<Cd>BOOK</Cd>
				</Sts>
				<BookgDt>
					<DtTm>2023-06-05T05:47:14.289246+02:00</DtTm>
				</BookgDt>
				<BkTxCd>
					<Domn>
						<Cd>PMNT</Cd>
						<Fmly>
							<Cd>RCTD</Cd>
							<SubFmlyCd>FICT</SubFmlyCd>
						</Fmly>
					</Domn>
				</BkTxCd>
				<NtryDtls>
					<TxDtls>
						<RltdAgts>
							<InstgAgt>
								<FinInstnId>
									<BICFI>NDEAFIHH</BICFI>
								</FinInstnId>
							</InstgAgt>
							<InstdAgt>
								<FinInstnId>
									<BICFI>POSOIT22</BICFI>
								</FinInstnId>
							</InstdAgt>
							<DbtrAgt>
								<FinInstnId>
									<BICFI>NDEAFIHHSCT</BICFI>
								</FinInstnId>
							</DbtrAgt>
							<CdtrAgt>
								<FinInstnId>
									<BICFI>POSOIT22XXX</BICFI>
								</FinInstnId>
							</CdtrAgt>
						</RltdAgts>
					</TxDtls>
				</NtryDtls>
				<AddtlNtryInf>LCR-SETTLEDNOTPROVIDED</AddtlNtryInf>
			</Ntry>
			<Ntry>
				<NtryRef>CSC2306057006663</NtryRef>
				<Amt Ccy="EUR">400.00</Amt>
				<CdtDbtInd>CRDT</CdtDbtInd>
				<Sts>
					<Cd>BOOK</Cd>
				</Sts>
				<BookgDt>
					<DtTm>2023-06-05T06:46:04.098657+02:00</DtTm>
				</BookgDt>
				<BkTxCd>
					<Domn>
						<Cd>PMNT</Cd>
						<Fmly>
							<Cd>RCTD</Cd>
							<SubFmlyCd>FICT</SubFmlyCd>
						</Fmly>
					</Domn>
				</BkTxCd>
				<NtryDtls>
					<TxDtls>
						<RltdAgts>
							<InstgAgt>
								<FinInstnId>
									<BICFI>NDEAFIHH</BICFI>
								</FinInstnId>
							</InstgAgt>
							<InstdAgt>
								<FinInstnId>
									<BICFI>POSOIT22</BICFI>
								</FinInstnId>
							</InstdAgt>
							<DbtrAgt>
								<FinInstnId>
									<BICFI>NDEAFIHHSCT</BICFI>
								</FinInstnId>
							</DbtrAgt>
							<CdtrAgt>
								<FinInstnId>
									<BICFI>POSOIT22XXX</BICFI>
								</FinInstnId>
							</CdtrAgt>
						</RltdAgts>
					</TxDtls>
				</NtryDtls>
				<AddtlNtryInf>LCR-SETTLEDNOTPROVIDED</AddtlNtryInf>
			</Ntry>
			<Ntry>
				<NtryRef>CSC2306058007455</NtryRef>
				<Amt Ccy="EUR">32476.61</Amt>
				<CdtDbtInd>CRDT</CdtDbtInd>
				<Sts>
					<Cd>BOOK</Cd>
				</Sts>
				<BookgDt>
					<DtTm>2023-06-05T03:04:29.748107+02:00</DtTm>
				</BookgDt>
				<BkTxCd>
					<Domn>
						<Cd>PMNT</Cd>
						<Fmly>
							<Cd>RCTD</Cd>
							<SubFmlyCd>FICT</SubFmlyCd>
						</Fmly>
					</Domn>
				</BkTxCd>
				<NtryDtls>
					<TxDtls>
						<RltdAgts>
							<InstgAgt>
								<FinInstnId>
									<BICFI>CITIIE2X</BICFI>
								</FinInstnId>
							</InstgAgt>
							<InstdAgt>
								<FinInstnId>
									<BICFI>POSOIT22</BICFI>
								</FinInstnId>
							</InstdAgt>
							<DbtrAgt>
								<FinInstnId>
									<BICFI>CITIIE2XXXX</BICFI>
								</FinInstnId>
							</DbtrAgt>
							<CdtrAgt>
								<FinInstnId>
									<BICFI>POSOIT22XXX</BICFI>
								</FinInstnId>
							</CdtrAgt>
						</RltdAgts>
					</TxDtls>
				</NtryDtls>
				<AddtlNtryInf>LCR-SETTLEDNOTPROVIDED</AddtlNtryInf>
			</Ntry>
			<Ntry>
				<NtryRef>CSC2306058010519</NtryRef>
				<Amt Ccy="EUR">1500.00</Amt>
				<CdtDbtInd>CRDT</CdtDbtInd>
				<Sts>
					<Cd>BOOK</Cd>
				</Sts>
				<BookgDt>
					<DtTm>2023-06-05T04:00:17.217853+02:00</DtTm>
				</BookgDt>
				<BkTxCd>
					<Domn>
						<Cd>PMNT</Cd>
						<Fmly>
							<Cd>RCTD</Cd>
							<SubFmlyCd>FICT</SubFmlyCd>
						</Fmly>
					</Domn>
				</BkTxCd>
				<NtryDtls>
					<TxDtls>
						<RltdAgts>
							<InstgAgt>
								<FinInstnId>
									<BICFI>SWEDSESS</BICFI>
								</FinInstnId>
							</InstgAgt>
							<InstdAgt>
								<FinInstnId>
									<BICFI>POSOIT22</BICFI>
								</FinInstnId>
							</InstdAgt>
							<DbtrAgt>
								<FinInstnId>
									<BICFI>SWEDSESSXXX</BICFI>
								</FinInstnId>
							</DbtrAgt>
							<CdtrAgt>
								<FinInstnId>
									<BICFI>POSOIT22XXX</BICFI>
								</FinInstnId>
							</CdtrAgt>
						</RltdAgts>
					</TxDtls>
				</NtryDtls>
				<AddtlNtryInf>LCR-SETTLEDNOTPROVIDED</AddtlNtryInf>
			</Ntry>
			<Ntry>
				<NtryRef>CSC2306058010894</NtryRef>
				<Amt Ccy="EUR">1761.30</Amt>
				<CdtDbtInd>CRDT</CdtDbtInd>
				<Sts>
					<Cd>BOOK</Cd>
				</Sts>
				<BookgDt>
					<DtTm>2023-06-05T06:46:22.081771+02:00</DtTm>
				</BookgDt>
				<BkTxCd>
					<Domn>
						<Cd>PMNT</Cd>
						<Fmly>
							<Cd>RCTD</Cd>
							<SubFmlyCd>FICT</SubFmlyCd>
						</Fmly>
					</Domn>
				</BkTxCd>
				<NtryDtls>
					<TxDtls>
						<RltdAgts>
							<InstgAgt>
								<FinInstnId>
									<BICFI>CITIIE2X</BICFI>
								</FinInstnId>
							</InstgAgt>
							<InstdAgt>
								<FinInstnId>
									<BICFI>POSOIT22</BICFI>
								</FinInstnId>
							</InstdAgt>
							<DbtrAgt>
								<FinInstnId>
									<BICFI>CITIIE2XXXX</BICFI>
								</FinInstnId>
							</DbtrAgt>
							<CdtrAgt>
								<FinInstnId>
									<BICFI>POSOIT22XXX</BICFI>
								</FinInstnId>
							</CdtrAgt>
						</RltdAgts>
					</TxDtls>
				</NtryDtls>
				<AddtlNtryInf>LCR-SETTLEDNOTPROVIDED</AddtlNtryInf>
			</Ntry>
			<AddtlStmtInf>SCT008</AddtlStmtInf>
		</Stmt>
		<Stmt>
			<Id>BSCT230605000476CSCT004000000000003</Id>
			<CreDtTm>2023-06-05T07:05:53.978267+02:00</CreDtTm>
			<FrToDt>
				<FrDtTm>2023-06-05T03:00:01.018750+02:00</FrDtTm>
				<ToDtTm>2023-06-05T07:00:00.592836+02:00</ToDtTm>
			</FrToDt>
			<Acct>
				<Id>
					<Othr>
						<Id>POSOIT22</Id>
					</Othr>
				</Id>
				<Ownr>
					<Id>
						<OrgId>
							<AnyBIC>POSOIT22XXX</AnyBIC>
						</OrgId>
					</Id>
				</Ownr>
			</Acct>
			<Bal>
				<Tp>
					<CdOrPrtry>
						<Cd>CLAV</Cd>
					</CdOrPrtry>
					<SubTp>
						<Prtry>LCRS</Prtry>
					</SubTp>
				</Tp>
				<Amt Ccy="EUR">112.20</Amt>
				<CdtDbtInd>CRDT</CdtDbtInd>
				<Dt>
					<Dt>2023-06-05</Dt>
				</Dt>
			</Bal>
			<Ntry>
				<NtryRef>CSR2306052006113</NtryRef>
				<Amt Ccy="EUR">112.20</Amt>
				<CdtDbtInd>CRDT</CdtDbtInd>
				<Sts>
					<Cd>BOOK</Cd>
				</Sts>
				<BookgDt>
					<DtTm>2023-06-05T03:11:25.313068+02:00</DtTm>
				</BookgDt>
				<BkTxCd>
					<Domn>
						<Cd>PMNT</Cd>
						<Fmly>
							<Cd>RCTD</Cd>
							<SubFmlyCd>FICT</SubFmlyCd>
						</Fmly>
					</Domn>
				</BkTxCd>
				<NtryDtls>
					<TxDtls>
						<RltdAgts>
							<InstgAgt>
								<FinInstnId>
									<BICFI>BNPAFRPP</BICFI>
								</FinInstnId>
							</InstgAgt>
							<InstdAgt>
								<FinInstnId>
									<BICFI>POSOIT22</BICFI>
								</FinInstnId>
							</InstdAgt>
							<DbtrAgt>
								<FinInstnId>
									<BICFI>BNPAFRPPXXX</BICFI>
								</FinInstnId>
							</DbtrAgt>
							<CdtrAgt>
								<FinInstnId>
									<BICFI>POSOIT22XXX</BICFI>
								</FinInstnId>
							</CdtrAgt>
						</RltdAgts>
					</TxDtls>
				</NtryDtls>
				<AddtlNtryInf>LCR-SETTLEDNOTPROVIDED</AddtlNtryInf>
			</Ntry>
			<AddtlStmtInf>SCT004</AddtlStmtInf>
		</Stmt>
	</S2CGSBlk:BkToCstmrStmt>
</S2CGSBlk:S2CgsBlk>