<?xml version="1.0" encoding="UTF-8"?>
<S2CGSBlk:S2CgsBlk xsi:schemaLocation="urn:S2CGSBlk:xsd:$S2CgsBlk S2CGSBlk.xsd"
                   xmlns:xsi="http://www.w3.org/2001/XMLSchema-instance"
                   xmlns:S2CGSBlk="urn:S2CGSBlk:xsd:$S2CgsBlk">
	<S2CGSBlk:SndgInst>EBAPFRPA</S2CGSBlk:SndgInst>
	<S2CGSBlk:RcvgInst>POSOIT22</S2CGSBlk:RcvgInst>
	<S2CGSBlk:SttlmtBIC>POSOIT22XXX</S2CGSBlk:SttlmtBIC>
	<S2CGSBlk:SrvcId>SCT</S2CGSBlk:SrvcId>
	<S2CGSBlk:TstCode>P</S2CGSBlk:TstCode>
	<S2CGSBlk:FileType>LMR</S2CGSBlk:FileType>
	<S2CGSBlk:FileRef>BSCT230605000101</S2CGSBlk:FileRef>
	<S2CGSBlk:FileBusDt>2023-06-05</S2CGSBlk:FileBusDt>
	<S2CGSBlk:FileLac>01</S2CGSBlk:FileLac>
	<S2CGSBlk:FileDtTm>2023-06-02T21:31:00.137429+02:00</S2CGSBlk:FileDtTm>
	<S2CGSBlk:BkToCstmrStmt xmlns="urn:iso:std:iso:20022:tech:xsd:camt.053.001.08">
		<GrpHdr>
			<MsgId>BSCT230605000101ACGS000000000000001</MsgId>
			<CreDtTm>2023-06-02T21:31:00.137429+02:00</CreDtTm>
			<MsgRcpt>
				<Id>
					<OrgId>
						<AnyBIC>POSOIT22</AnyBIC>
					</OrgId>
				</Id>
			</MsgRcpt>
			<MsgPgntn>
				<PgNb>1</PgNb>
				<LastPgInd>true</LastPgInd>
			</MsgPgntn>
			<AddtlInf>POSOIT22</AddtlInf>
		</GrpHdr>
		<Stmt>
			<Id>BSCT230605000101A230605000000000001</Id>
			<CreDtTm>2023-06-02T21:31:00.137429+02:00</CreDtTm>
			<FrToDt>
				<FrDtTm>2023-06-02T16:30:00.558682+02:00</FrDtTm>
				<ToDtTm>2023-06-02T21:30:00.697278+02:00</ToDtTm>
			</FrToDt>
			<Acct>
				<Id>
					<Othr>
						<Id>POSOIT22</Id>
					</Othr>
				</Id>
				<Ownr>
					<Id>
						<OrgId>
							<AnyBIC>POSOIT22XXX</AnyBIC>
						</OrgId>
					</Id>
				</Ownr>
			</Acct>
			<Bal>
				<Tp>
					<CdOrPrtry>
						<Cd>OPAV</Cd>
					</CdOrPrtry>
				</Tp>
				<Amt Ccy="EUR">0.00</Amt>
				<CdtDbtInd>CRDT</CdtDbtInd>
				<Dt>
					<Dt>2023-06-05</Dt>
				</Dt>
			</Bal>
			<Bal>
				<Tp>
					<CdOrPrtry>
						<Cd>CLAV</Cd>
					</CdOrPrtry>
				</Tp>
				<Amt Ccy="EUR">410028312.92</Amt>
				<CdtDbtInd>CRDT</CdtDbtInd>
				<Dt>
					<Dt>2023-06-05</Dt>
				</Dt>
			</Bal>
			<Bal>
				<Tp>
					<CdOrPrtry>
						<Cd>CLAV</Cd>
					</CdOrPrtry>
					<SubTp>
						<Prtry>LTIN</Prtry>
					</SubTp>
				</Tp>
				<Amt Ccy="EUR">410000000.00</Amt>
				<CdtDbtInd>CRDT</CdtDbtInd>
				<Dt>
					<Dt>2023-06-05</Dt>
				</Dt>
			</Bal>
			<Bal>
				<Tp>
					<CdOrPrtry>
						<Cd>CLAV</Cd>
					</CdOrPrtry>
					<SubTp>
						<Prtry>PLCR</Prtry>
					</SubTp>
				</Tp>
				<Amt Ccy="EUR">38497255.43</Amt>
				<CdtDbtInd>DBIT</CdtDbtInd>
				<Dt>
					<Dt>2023-06-05</Dt>
				</Dt>
			</Bal>
			<Bal>
				<Tp>
					<CdOrPrtry>
						<Cd>CLAV</Cd>
					</CdOrPrtry>
					<SubTp>
						<Prtry>PLCR</Prtry>
					</SubTp>
				</Tp>
				<Amt Ccy="EUR">38525568.35</Amt>
				<CdtDbtInd>CRDT</CdtDbtInd>
				<Dt>
					<Dt>2023-06-05</Dt>
				</Dt>
			</Bal>
		</Stmt>
	</S2CGSBlk:BkToCstmrStmt>
	<S2CGSBlk:BkToCstmrStmt xmlns="urn:iso:std:iso:20022:tech:xsd:camt.053.001.08">
		<GrpHdr>
			<MsgId>BSCT230605000101BCGS000000000000002</MsgId>
			<CreDtTm>2023-06-02T21:31:00.137429+02:00</CreDtTm>
			<MsgRcpt>
				<Id>
					<OrgId>
						<AnyBIC>POSOIT22</AnyBIC>
					</OrgId>
				</Id>
			</MsgRcpt>
			<MsgPgntn>
				<PgNb>1</PgNb>
				<LastPgInd>true</LastPgInd>
			</MsgPgntn>
			<AddtlInf>POSOIT22</AddtlInf>
		</GrpHdr>
		<Stmt>
			<Id>BSCT230605000101B230605000000000002</Id>
			<CreDtTm>2023-06-02T21:31:00.137429+02:00</CreDtTm>
			<FrToDt>
				<FrDtTm>2023-06-02T16:30:00.558682+02:00</FrDtTm>
				<ToDtTm>2023-06-02T21:30:00.697278+02:00</ToDtTm>
			</FrToDt>
			<Acct>
				<Id>
					<Othr>
						<Id>POSOIT22</Id>
					</Othr>
				</Id>
				<Ownr>
					<Id>
						<OrgId>
							<AnyBIC>POSOIT22XXX</AnyBIC>
						</OrgId>
					</Id>
				</Ownr>
			</Acct>
			<Bal>
				<Tp>
					<CdOrPrtry>
						<Cd>CLAV</Cd>
					</CdOrPrtry>
					<SubTp>
						<Prtry>LTIN</Prtry>
					</SubTp>
				</Tp>
				<Amt Ccy="EUR">410000000.00</Amt>
				<CdtDbtInd>CRDT</CdtDbtInd>
				<Dt>
					<Dt>2023-06-05</Dt>
				</Dt>
			</Bal>
			<Ntry>
				<NtryRef>CG2306020000072T</NtryRef>
				<Amt Ccy="EUR">410000000.00</Amt>
				<CdtDbtInd>CRDT</CdtDbtInd>
				<Sts>
					<Cd>BOOK</Cd>
				</Sts>
				<BookgDt>
					<DtTm>2023-06-02T19:32:31.487757+02:00</DtTm>
				</BookgDt>
				<BkTxCd>
					<Domn>
						<Cd>PMNT</Cd>
						<Fmly>
							<Cd>RCTD</Cd>
							<SubFmlyCd>FICT</SubFmlyCd>
						</Fmly>
					</Domn>
				</BkTxCd>
				<AmtDtls>
					<PrtryAmt>
						<Tp>BFUP</Tp>
						<Amt Ccy="EUR">740.44</Amt>
					</PrtryAmt>
					<PrtryAmt>
						<Tp>FTUP</Tp>
						<Amt Ccy="EUR">410000740.44</Amt>
					</PrtryAmt>
				</AmtDtls>
				<AddtlNtryInf>C-FUND</AddtlNtryInf>
			</Ntry>
		</Stmt>
		<Stmt>
			<Id>BSCT230605000101B230605000000000002</Id>
			<CreDtTm>2023-06-02T21:31:00.137429+02:00</CreDtTm>
			<FrToDt>
				<FrDtTm>2023-06-02T16:30:00.558682+02:00</FrDtTm>
				<ToDtTm>2023-06-02T21:30:00.697278+02:00</ToDtTm>
			</FrToDt>
			<Acct>
				<Id>
					<Othr>
						<Id>POSOIT22</Id>
					</Othr>
				</Id>
				<Ownr>
					<Id>
						<OrgId>
							<AnyBIC>POSOIT22XXX</AnyBIC>
						</OrgId>
					</Id>
				</Ownr>
			</Acct>
			<Bal>
				<Tp>
					<CdOrPrtry>
						<Cd>CLAV</Cd>
					</CdOrPrtry>
					<SubTp>
						<Prtry>LTIN</Prtry>
					</SubTp>
				</Tp>
				<Amt Ccy="EUR">410000000.00</Amt>
				<CdtDbtInd>CRDT</CdtDbtInd>
				<Dt>
					<Dt>2023-06-05</Dt>
				</Dt>
			</Bal>
			<Ntry>
				<NtryRef>CG2306020000072T</NtryRef>
				<Amt Ccy="EUR">410000000.00</Amt>
				<CdtDbtInd>CRDT</CdtDbtInd>
				<Sts>
					<Cd>BOOK</Cd>
				</Sts>
				<BookgDt>
					<DtTm>2023-06-02T19:32:31.487757+02:00</DtTm>
				</BookgDt>
				<BkTxCd>
					<Domn>
						<Cd>PMNT</Cd>
						<Fmly>
							<Cd>RCTD</Cd>
							<SubFmlyCd>FICT</SubFmlyCd>
						</Fmly>
					</Domn>
				</BkTxCd>
				<AmtDtls>
					<PrtryAmt>
						<Tp>BFUP</Tp>
						<Amt Ccy="EUR">740.44</Amt>
					</PrtryAmt>
					<PrtryAmt>
						<Tp>FTUP</Tp>
						<Amt Ccy="EUR">410000740.44</Amt>
					</PrtryAmt>
				</AmtDtls>
				<AddtlNtryInf>C-FUND</AddtlNtryInf>
			</Ntry>
		</Stmt>
	</S2CGSBlk:BkToCstmrStmt>
	<S2CGSBlk:BkToCstmrStmt xmlns="urn:iso:std:iso:20022:tech:xsd:camt.053.001.08">
		<GrpHdr>
			<MsgId>BSCT230605000101CCGS000000000000003</MsgId>
			<CreDtTm>2023-06-02T21:31:00.137429+02:00</CreDtTm>
			<MsgRcpt>
				<Id>
					<OrgId>
						<AnyBIC>POSOIT22</AnyBIC>
					</OrgId>
				</Id>
			</MsgRcpt>
			<MsgPgntn>
				<PgNb>1</PgNb>
				<LastPgInd>true</LastPgInd>
			</MsgPgntn>
			<AddtlInf>POSOIT22</AddtlInf>
		</GrpHdr>
		<Stmt>
			<Id>BSCT230605000101CSCT008000000000003</Id>
			<CreDtTm>2023-06-02T21:31:00.137429+02:00</CreDtTm>
			<FrToDt>
				<FrDtTm>2023-06-02T16:30:00.558682+02:00</FrDtTm>
				<ToDtTm>2023-06-02T21:30:00.697278+02:00</ToDtTm>
			</FrToDt>
			<Acct>
				<Id>
					<Othr>
						<Id>POSOIT22</Id>
					</Othr>
				</Id>
				<Ownr>
					<Id>
						<OrgId>
							<AnyBIC>POSOIT22XXX</AnyBIC>
						</OrgId>
					</Id>
				</Ownr>
			</Acct>
			<Bal>
				<Tp>
					<CdOrPrtry>
						<Cd>CLAV</Cd>
					</CdOrPrtry>
					<SubTp>
						<Prtry>LCRS</Prtry>
					</SubTp>
				</Tp>
				<Amt Ccy="EUR">38396495.43</Amt>
				<CdtDbtInd>DBIT</CdtDbtInd>
				<Dt>
					<Dt>2023-06-05</Dt>
				</Dt>
			</Bal>
			<Bal>
				<Tp>
					<CdOrPrtry>
						<Cd>CLAV</Cd>
					</CdOrPrtry>
					<SubTp>
						<Prtry>LCRS</Prtry>
					</SubTp>
				</Tp>
				<Amt Ccy="EUR">38465972.14</Amt>
				<CdtDbtInd>CRDT</CdtDbtInd>
				<Dt>
					<Dt>2023-06-05</Dt>
				</Dt>
			</Bal>
			<Ntry>
				<NtryRef>CSC2306050002988</NtryRef>
				<Amt Ccy="EUR">65.00</Amt>
				<CdtDbtInd>CRDT</CdtDbtInd>
				<Sts>
					<Cd>BOOK</Cd>
				</Sts>
				<BookgDt>
					<DtTm>2023-06-02T19:30:05.659966+02:00</DtTm>
				</BookgDt>
				<BkTxCd>
					<Domn>
						<Cd>PMNT</Cd>
						<Fmly>
							<Cd>RCTD</Cd>
							<SubFmlyCd>FICT</SubFmlyCd>
						</Fmly>
					</Domn>
				</BkTxCd>
				<NtryDtls>
					<TxDtls>
						<RltdAgts>
							<InstgAgt>
								<FinInstnId>
									<BICFI>BOFIIE2D</BICFI>
								</FinInstnId>
							</InstgAgt>
							<InstdAgt>
								<FinInstnId>
									<BICFI>POSOIT22</BICFI>
								</FinInstnId>
							</InstdAgt>
							<DbtrAgt>
								<FinInstnId>
									<BICFI>BOFIIE2DXXX</BICFI>
								</FinInstnId>
							</DbtrAgt>
							<CdtrAgt>
								<FinInstnId>
									<BICFI>POSOIT22XXX</BICFI>
								</FinInstnId>
							</CdtrAgt>
						</RltdAgts>
					</TxDtls>
				</NtryDtls>
				<AddtlNtryInf>LCR-SETTLEDNOTPROVIDED</AddtlNtryInf>
			</Ntry>
			<Ntry>
				<NtryRef>CSC2306052000132</NtryRef>
				<Amt Ccy="EUR">73.94</Amt>
				<CdtDbtInd>CRDT</CdtDbtInd>
				<Sts>
					<Cd>BOOK</Cd>
				</Sts>
				<BookgDt>
					<DtTm>2023-06-02T19:30:02.698153+02:00</DtTm>
				</BookgDt>
				<BkTxCd>
					<Domn>
						<Cd>PMNT</Cd>
						<Fmly>
							<Cd>RCTD</Cd>
							<SubFmlyCd>FICT</SubFmlyCd>
						</Fmly>
					</Domn>
				</BkTxCd>
				<NtryDtls>
					<TxDtls>
						<RltdAgts>
							<InstgAgt>
								<FinInstnId>
									<BICFI>BNPAFRPP</BICFI>
								</FinInstnId>
							</InstgAgt>
							<InstdAgt>
								<FinInstnId>
									<BICFI>POSOIT22</BICFI>
								</FinInstnId>
							</InstdAgt>
							<DbtrAgt>
								<FinInstnId>
									<BICFI>BNPAFRPPXXX</BICFI>
								</FinInstnId>
							</DbtrAgt>
							<CdtrAgt>
								<FinInstnId>
									<BICFI>POSOIT22XXX</BICFI>
								</FinInstnId>
							</CdtrAgt>
						</RltdAgts>
					</TxDtls>
				</NtryDtls>
				<AddtlNtryInf>LCR-SETTLEDNOTPROVIDED</AddtlNtryInf>
			</Ntry>
			<AddtlStmtInf>SCT004</AddtlStmtInf>
		</Stmt>
	</S2CGSBlk:BkToCstmrStmt>
</S2CGSBlk:S2CgsBlk>